@InProceedings{Galitzine,
author="Galitzine, C.
and Beltran, Pierre M. Jean
and Cristea, I. M.
and Vitek, O.",
editor="Raphael, Benjamin J.",
title="Statistical Inference of Peroxisome Dynamics",
booktitle="RECOMB 2018",
year="2018",
publisher="Springer",
pages="54--74"
}